%% BibTeX file of Tobias Pape

%% Created for Tobias Pape at 2016-04-22 21:49:55 +0200 


%% Saved with string encoding Unicode (UTF-8) 



@unpublished{felgentreff:2013:tool-building,
	Author = {Tim Felgentreff},
	Date = {2013-07-02},
	Date-Added = {2016-04-22 18:33:19 +0000},
	Date-Modified = {2016-04-22 18:37:14 +0000},
	Month = jul,
	Note = {Demo given at 5th International Workshop on Context-Oriented Programming, Montpellier, France},
	Title = {A Tool Building Example: Layers as Source Code Packages},
	Year = {2013}}

@article{hirschfeld+:2008:context-oriented-programming,
	Author = {Hirschfeld, Robert and Costanza, Pascal and Nierstrasz, Oscar},
	Date-Added = {2016-04-22 18:31:37 +0000},
	Date-Modified = {2016-04-22 18:31:37 +0000},
	Journal = {Journal of Object Technology},
	Keywords = {abstractions, language concepts, cop},
	Number = {3},
	Pages = {125–151},
	Title = {Context-oriented Programming},
	Url = {http://www.jot.fm/issues/issue_2008_03/article4/},
	Volume = {7},
	Year = {2008},
	Bdsk-Url-1 = {http://www.jot.fm/issues/issue_2008_03/article4/}}

@inproceedings{bolz+:2009:tracing-meta-level:,
	Acmid = {1565827},
	Address = {New York, NY, USA},
	Author = {Bolz, Carl Friedrich and Cuni, Antonio and Fijalkowski, Maciej and Rigo, Armin},
	Booktitle = {Proc. ICOOOLPS},
	Date-Added = {2016-04-22 12:19:53 +0000},
	Date-Modified = {2016-04-22 19:48:44 +0000},
	Doi = {10.1145/1565824.1565827},
	Isbn = {978-1-60558-541-3},
	Keywords = {meta-tracing, virtual machine construction,},
	Location = {Genova, Italy},
	Numpages = {8},
	Pages = {18–25},
	Publisher = {ACM},
	Title = {Tracing the Meta-level: {PyPy}'s Tracing {JIT} Compiler},
	Year = {2009},
	Abstract = {We attempt to apply the technique of Tracing JIT Compilers in the context of the PyPy project, i.e., to programs that are interpreters for some dynamic languages, including Python. Tracing JIT compilers can greatly speed up programs that spend most of their time in loops in which they take similar code paths. However, applying an unmodified tracing JIT to a program that is itself a bytecode interpreter results in very limited or no speedup. In this paper we show how to guide tracing JIT compilers to greatly improve the speed of bytecode interpreters. One crucial point is to unroll the bytecode dispatch loop, based on two kinds of hints provided by the implementer of the bytecode interpreter. We evaluate our technique by applying it to two PyPy interpreters: one is a small example, and the other one is the full Python interpreter.
},
	Bdsk-File-1 = {YnBsaXN0MDDUAQIDBAUGJCVYJHZlcnNpb25YJG9iamVjdHNZJGFyY2hpdmVyVCR0b3ASAAGGoKgHCBMUFRYaIVUkbnVsbNMJCgsMDxJXTlMua2V5c1pOUy5vYmplY3RzViRjbGFzc6INDoACgAOiEBGABIAFgAdccmVsYXRpdmVQYXRoWWFsaWFzRGF0YV8QOy4uLy4uLy4uL1BhcGVycy9WTS9KSVQvMjAwOV9Cb2x6X1RyYWNpbmdfdGhlX01ldGEtbGV2ZWwucGRm0hcLGBlXTlMuZGF0YU8RAewAAAAAAewAAgAACE1hZHJpZ2FsAAAAAAAAAAAAAAAAAAAAAAAAAM52AKBIKwAAAGgTqB8yMDA5X0JvbHpfVHJhY2luZ190IzI2MjQ1NTIucGRmAAAAAAAAAAAAAAAAAAAAAAAAAAAAAAAAAAAAAAAAAAACYkVS0GRZGwAAAAAAAAAAAAMABAAACSAAAAAAAAAAAAAAAAAAAAADSklUAAAQAAgAAM515IAAAAARAAgAANBkPPsAAAABABgAaBOoABWp3wAVqKwAFOhjAApeLgACZJEAAgBTTWFkcmlnYWw6VXNlcnM6AHRvYmlhczoARG9jdW1lbnRzOgBQYXBlcnM6AFZNOgBKSVQ6ADIwMDlfQm9sel9UcmFjaW5nX3QjMjYyNDU1Mi5wZGYAAA4ASgAkADIAMAAwADkAXwBCAG8AbAB6AF8AVAByAGEAYwBpAG4AZwBfAHQAaABlAF8ATQBlAHQAYQAtAGwAZQB2AGUAbAAuAHAAZABmAA8AEgAIAE0AYQBkAHIAaQBnAGEAbAASAElVc2Vycy90b2JpYXMvRG9jdW1lbnRzL1BhcGVycy9WTS9KSVQvMjAwOV9Cb2x6X1RyYWNpbmdfdGhlX01ldGEtbGV2ZWwucGRmAAATAAEvAAAVAAIADf//AACABtIbHB0eWiRjbGFzc25hbWVYJGNsYXNzZXNdTlNNdXRhYmxlRGF0YaMdHyBWTlNEYXRhWE5TT2JqZWN00hscIiNcTlNEaWN0aW9uYXJ5oiIgXxAPTlNLZXllZEFyY2hpdmVy0SYnVHJvb3SAAQAIABEAGgAjAC0AMgA3AEAARgBNAFUAYABnAGoAbABuAHEAcwB1AHcAhACOAMwA0QDZAskCywLQAtsC5ALyAvYC/QMGAwsDGAMbAy0DMAM1AAAAAAAAAgEAAAAAAAAAKAAAAAAAAAAAAAAAAAAAAzc=},
	Bdsk-Url-1 = {http://doi.acm.org/10.1145/1565824.1565827}}

@inproceedings{gal+:2006:hotpathvm:-effective,
	Address = {New York, NY, USA},
	Author = {Gal, Andreas and Probst, Christian W. and Franz, Michael},
	Booktitle = {Proc. VEE},
	Date = {2006-06-14},
	Date-Added = {2016-04-22 12:19:11 +0000},
	Date-Modified = {2016-04-22 19:40:26 +0000},
	Doi = {10.1145/1134760.1134780},
	Isbn = {1-59593-332-8},
	Keywords = {tracing, jit,},
	Location = {Ottawa, Ontario, Canada},
	Numpages = {10},
	Pages = {144--153},
	Publisher = {ACM},
	Series = {VEE '06},
	Title = {{HotpathVM:} An Effective {JIT} Compiler for Resource-Constrained Devices},
	Year = {2006},
	Bdsk-Url-1 = {http://dx.doi.org/10.1145/1134760.1134780}}

@article{bala+:2000:dynamo:-transparent,
	Author = {Bala, Vasanth and Duesterwald, Evelyn and Banerjia, Sanjeev},
	Date-Added = {2016-04-22 12:19:00 +0000},
	Date-Modified = {2016-04-22 12:19:00 +0000},
	Journal = {ACM SIGPLAN Notices},
	Keywords = {jit, meta-tracing},
	Number = {5},
	Pages = {1–12},
	Title = {Dynamo: A Transparent Dynamic Optimization System},
	Volume = {35},
	Year = {2000}}

@phdthesis{mitchell:1970:design-construction,
	Address = {Pittsburgh, PA, USA},
	Author = {Mitchell, James George},
	Date = {1970},
	Date-Added = {2016-04-22 12:18:05 +0000},
	Date-Modified = {2016-04-22 12:18:05 +0000},
	Keywords = {meta-tracing, jit},
	School = {Carnegie Mellon University},
	Title = {The Design and Construction of Flexible and Efficient Interactive Programming Systems},
	Year = {1970}}

@techreport{holtta:2013:crankshafting-from,
	Author = {Marja H\"oltt\"a},
	Date-Added = {2016-04-22 12:15:28 +0000},
	Date-Modified = {2016-04-22 12:15:28 +0000},
	Institution = {Google},
	Keywords = {JavaScript, jit, optimization},
	Month = {August},
	Title = {Crankshafting from the ground up},
	Year = {2013}}

@inproceedings{paleczny+:2001:java-hotspot,
	Acmid = {1267848},
	Address = {Berkeley, CA, USA},
	Author = {Paleczny, Michael and Vick, Christopher A. and Click, Cliff},
	Booktitle = {Proc. Symp. Java™ Virtual Machine Research and Technology},
	Date = {2001-04-24},
	Date-Added = {2016-04-22 12:15:13 +0000},
	Date-Modified = {2016-04-22 19:39:48 +0000},
	Keywords = {jit, Java, optimization},
	Location = {Monterey, California},
	Publisher = {USENIX Association},
	Series = {JVM'01},
	Title = {The {Java} {HotSpot™} Server Compiler},
	Url = {http://dl.acm.org/citation.cfm?id=1267847.1267848},
	Volume = {1},
	Year = {2001},
	Bdsk-File-1 = {YnBsaXN0MDDUAQIDBAUGJCVYJHZlcnNpb25YJG9iamVjdHNZJGFyY2hpdmVyVCR0b3ASAAGGoKgHCBMUFRYaIVUkbnVsbNMJCgsMDxJXTlMua2V5c1pOUy5vYmplY3RzViRjbGFzc6INDoACgAOiEBGABIAFgAdccmVsYXRpdmVQYXRoWWFsaWFzRGF0YV8QOi4uLy4uLy4uL1BhcGVycy9WTS9KSVQvMjAwMV9wYWxlY3pueV9KYXZhSG90U3BvdFNlcnZlci5wZGbSFwsYGVdOUy5kYXRhTxEB6AAAAAAB6AACAAAITWFkcmlnYWwAAAAAAAAAAAAAAAAAAAAAAAAAznYAoEgrAAAAaBOoHzIwMDFfcGFsZWN6bnlfSmF2YUgjMjI1OTQ5OS5wZGYAAAAAAAAAAAAAAAAAAAAAAAAAAAAAAAAAAAAAAAAAAAIllJnQNgKoUERGIENBUk8AAwAEAAAJIAAAAAAAAAAAAAAAAAAAAANKSVQAABAACAAAznXkgAAAABEACAAA0DXmiAAAAAEAGABoE6gAFanfABWorAAU6GMACl4uAAJkkQACAFNNYWRyaWdhbDpVc2VyczoAdG9iaWFzOgBEb2N1bWVudHM6AFBhcGVyczoAVk06AEpJVDoAMjAwMV9wYWxlY3pueV9KYXZhSCMyMjU5NDk5LnBkZgAADgBIACMAMgAwADAAMQBfAHAAYQBsAGUAYwB6AG4AeQBfAEoAYQB2AGEASABvAHQAUwBwAG8AdABTAGUAcgB2AGUAcgAuAHAAZABmAA8AEgAIAE0AYQBkAHIAaQBnAGEAbAASAEhVc2Vycy90b2JpYXMvRG9jdW1lbnRzL1BhcGVycy9WTS9KSVQvMjAwMV9wYWxlY3pueV9KYXZhSG90U3BvdFNlcnZlci5wZGYAEwABLwAAFQACAA3//wAAgAbSGxwdHlokY2xhc3NuYW1lWCRjbGFzc2VzXU5TTXV0YWJsZURhdGGjHR8gVk5TRGF0YVhOU09iamVjdNIbHCIjXE5TRGljdGlvbmFyeaIiIF8QD05TS2V5ZWRBcmNoaXZlctEmJ1Ryb290gAEACAARABoAIwAtADIANwBAAEYATQBVAGAAZwBqAGwAbgBxAHMAdQB3AIQAjgDLANAA2ALEAsYCywLWAt8C7QLxAvgDAQMGAxMDFgMoAysDMAAAAAAAAAIBAAAAAAAAACgAAAAAAAAAAAAAAAAAAAMy},
	Bdsk-Url-1 = {http://dl.acm.org/citation.cfm?id=1267847.1267848}}

@article{lincke+:2011:open-implementation,
	Author = {Lincke, Jens and Appeltauer, Malte and Steinert, Bastian and Hirschfeld, Robert},
	Date-Added = {2016-04-21 13:42:38 +0000},
	Date-Modified = {2016-04-22 19:49:21 +0000},
	Doi = {10.1016/j.scico.2010.11.013},
	Issn = {0167-6423},
	Journal = {Sci. Comput. Program.},
	Number = {12},
	Pages = {1194--1209},
	Publisher = {Elsevier},
	Title = {An open implementation for context-oriented layer composition in {ContextJS}},
	Volume = {76},
	Year = {2011},
	Bdsk-Url-1 = {http://dx.doi.org/10.1016/j.scico.2010.11.013}}

@inproceedings{freeman-benson+:1989:deltablue-algorithm:,
	Author = {Freeman-Benson, Bjorn N and Maloney, John},
	Booktitle = {Proc. 8th Intl. Conf. on Computers and Communications},
	Date-Added = {2016-04-21 13:18:03 +0000},
	Date-Modified = {2016-04-22 19:38:20 +0000},
	Organization = {IEEE},
	Pages = {538--542},
	Title = {The {DeltaBlue} algorithm: An incremental constraint hierarchy solver},
	Year = {1989}}

@inproceedings{lincke+:2011:implementing-scoped,
	Acmid = {2068742},
	Address = {New York, NY, USA},
	Articleno = {6},
	Author = {Lincke, Jens and Krahn, Robert and Hirschfeld, Robert},
	Booktitle = {Proc. Workshop on COP},
	Date-Added = {2016-04-18 14:57:17 +0000},
	Date-Modified = {2016-04-22 19:43:32 +0000},
	Doi = {10.1145/2068736.2068742},
	Isbn = {978-1-4503-0891-5},
	Location = {Lancaster, United Kingdom},
	Numpages = {6},
	Pages = {6:1--6:6},
	Publisher = {ACM},
	Series = {COP '11},
	Title = {Implementing Scoped Method Tracing with ContextJS},
	Year = {2011},
	Bdsk-Url-1 = {http://doi.acm.org/10.1145/2068736.2068742},
	Bdsk-Url-2 = {http://dx.doi.org/10.1145/2068736.2068742}}

@inproceedings{bolz+:2011:runtime-feedback,
	Acmid = {2069181},
	Address = {New York, NY, USA},
	Articleno = {9},
	Author = {Bolz, Carl Friedrich and Cuni, Antonio and Fijałkowski, Maciej and Leuschel, Michael and Pedroni, Samuele and Rigo, Armin},
	Booktitle = {Proc. ICOOOLPS},
	Date-Added = {2016-04-15 14:37:38 +0000},
	Date-Modified = {2016-04-22 19:46:53 +0000},
	Doi = {10.1145/2069172.2069181},
	Isbn = {978-1-4503-0894-6},
	Keywords = {jit, meta-tracing,},
	Location = {Lancaster, United Kingdom},
	Numpages = {8},
	Pages = {9:1–9:8},
	Publisher = {ACM},
	Title = {Runtime Feedback in a Meta-tracing {JIT} for Efficient Dynamic Languages},
	Year = {2011},
	Bdsk-Url-1 = {http://doi.acm.org/10.1145/2069172.2069181},
	Bdsk-Url-2 = {http://dx.doi.org/10.1145/2069172.2069181}}

@inproceedings{appeltauer+:2009:comparison-context-oriented,
	Address = {New York, NY, USA},
	Author = {Appeltauer, Malte and Hirschfeld, Robert and Haupt, Michael and Lincke, Jens and Perscheid, Michael},
	Booktitle = {Proc. Workshop on COP},
	Date-Added = {2016-04-11 18:08:23 +0000},
	Date-Modified = {2016-04-22 19:41:41 +0000},
	Doi = {10.1145/1562112.1562118},
	Isbn = {978-1-60558-538-3},
	Keywords = {abstractions, cop, survey},
	Location = {Genova, Italy},
	Pages = {1--6},
	Publisher = {ACM},
	Title = {{A Comparison of Context-oriented Programming Languages}},
	Year = {2009},
	Bdsk-Url-1 = {http://doi.acm.org/10.1145/1562112.1562118},
	Bdsk-Url-2 = {http://dx.doi.org/10.1145/1562112.1562118}}

@inbook{davison+:1997:confidence-intervals,
	Author = {Davison, Anthony Christopher and Hinkley, David V.},
	Booktitle = {Bootstrap Methods and Their Application},
	Chapter = {5},
	Date-Added = {2016-04-11 17:49:18 +0000},
	Date-Modified = {2016-04-11 17:49:25 +0000},
	Keywords = {benchmarking, statistics,},
	Publisher = {Cambridge},
	Title = {Confidence Intervals},
	Year = {1997}}

@inproceedings{lincke+:2012:scoping-changes,
	Author = {Lincke, Jens and Hirschfeld, Robert},
	Booktitle = {Proc. Workshop on COP},
	Date-Modified = {2016-04-22 19:43:51 +0000},
	Month = jun,
	Organization = {ACM},
	Pages = {2--10},
	Title = {Scoping changes in self-supporting development environments using context-oriented programming},
	Year = {2012}}

@inproceedings{appeltauer2010layered,
	Author = {Appeltauer, Malte and Haupt, Michael and Hirschfeld, Robert},
	Booktitle = {Proc. Workshop on COP},
	Date-Modified = {2016-04-22 19:42:18 +0000},
	Organization = {ACM},
	Pages = {4},
	Title = {Layered method dispatch with INVOKEDYNAMIC: an implementation study},
	Year = {2010}}

@inproceedings{springer2015efficient,
	Author = {Springer, Matthias and Lincke, Jens and Hirschfeld, Robert},
	Booktitle = {Proc. Workshop on COP},
	Date-Modified = {2016-04-22 19:44:18 +0000},
	Organization = {ACM},
	Pages = {5},
	Title = {Efficient Layered Method Execution in ContextAmber},
	Year = {2015}}

@inproceedings{Raab:2014:PEE:2637066.2637074,
	Acmid = {2637074},
	Address = {New York, NY, USA},
	Articleno = {8},
	Author = {Raab, Markus and Puntigam, Franz},
	Booktitle = {Proc. Workshop on COP},
	Date-Modified = {2016-04-22 19:49:36 +0000},
	Doi = {10.1145/2637066.2637074},
	Isbn = {978-1-4503-2861-6},
	Keywords = {benchmark, code generation, configuration file, configuration specification, context oriented programming, contextual value, debugging, persistence, program execution environment},
	Location = {Uppsala, Sweden},
	Numpages = {6},
	Pages = {8:1--8:6},
	Publisher = {ACM},
	Title = {Program Execution Environments As Contextual Values},
	Year = {2014},
	Bdsk-Url-1 = {http://doi.acm.org/10.1145/2637066.2637074},
	Bdsk-Url-2 = {http://dx.doi.org/10.1145/2637066.2637074}}

@inproceedings{schippers2009implementation,
	Author = {Schippers, Hans and Haupt, Michael and Hirschfeld, Robert},
	Booktitle = {Proc. SAC},
	Date-Modified = {2016-04-22 19:41:53 +0000},
	Organization = {ACM},
	Pages = {1944--1951},
	Title = {An implementation substrate for languages composing modularized crosscutting concerns},
	Year = {2009}}

@inproceedings{schippers2008delegation,
	Author = {Schippers, Hans and Janssens, Dirk and Haupt, Michael and Hirschfeld, Robert},
	Booktitle = {ACM Sigplan Notices},
	Number = {10},
	Organization = {ACM},
	Pages = {525--542},
	Title = {Delegation-based semantics for modularizing crosscutting concerns},
	Volume = {43},
	Year = {2008}}
